%YAML 1.1
%TAG !u! tag:unity3d.com,2011:
--- !u!29 &1
OcclusionCullingSettings:
  m_ObjectHideFlags: 0
  serializedVersion: 2
  m_OcclusionBakeSettings:
    smallestOccluder: 5
    smallestHole: 0.25
    backfaceThreshold: 100
  m_SceneGUID: 00000000000000000000000000000000
  m_OcclusionCullingData: {fileID: 0}
--- !u!104 &2
RenderSettings:
  m_ObjectHideFlags: 0
  serializedVersion: 9
  m_Fog: 0
  m_FogColor: {r: 0.5, g: 0.5, b: 0.5, a: 1}
  m_FogMode: 3
  m_FogDensity: 0.01
  m_LinearFogStart: 0
  m_LinearFogEnd: 300
  m_AmbientSkyColor: {r: 0.212, g: 0.227, b: 0.259, a: 1}
  m_AmbientEquatorColor: {r: 0.114, g: 0.125, b: 0.133, a: 1}
  m_AmbientGroundColor: {r: 0.047, g: 0.043, b: 0.035, a: 1}
  m_AmbientIntensity: 1
  m_AmbientMode: 0
  m_SubtractiveShadowColor: {r: 0.42, g: 0.478, b: 0.627, a: 1}
  m_SkyboxMaterial: {fileID: 10304, guid: 0000000000000000f000000000000000, type: 0}
  m_HaloStrength: 0.5
  m_FlareStrength: 1
  m_FlareFadeSpeed: 3
  m_HaloTexture: {fileID: 0}
  m_SpotCookie: {fileID: 10001, guid: 0000000000000000e000000000000000, type: 0}
  m_DefaultReflectionMode: 0
  m_DefaultReflectionResolution: 128
  m_ReflectionBounces: 1
  m_ReflectionIntensity: 1
  m_CustomReflection: {fileID: 0}
  m_Sun: {fileID: 0}
  m_IndirectSpecularColor: {r: 0.44657898, g: 0.4964133, b: 0.5748178, a: 1}
  m_UseRadianceAmbientProbe: 0
--- !u!157 &3
LightmapSettings:
  m_ObjectHideFlags: 0
  serializedVersion: 11
  m_GIWorkflowMode: 0
  m_GISettings:
    serializedVersion: 2
    m_BounceScale: 1
    m_IndirectOutputScale: 1
    m_AlbedoBoost: 1
    m_TemporalCoherenceThreshold: 1
    m_EnvironmentLightingMode: 0
    m_EnableBakedLightmaps: 1
    m_EnableRealtimeLightmaps: 0
  m_LightmapEditorSettings:
    serializedVersion: 10
    m_Resolution: 2
    m_BakeResolution: 10
    m_AtlasSize: 512
    m_AO: 0
    m_AOMaxDistance: 1
    m_CompAOExponent: 1
    m_CompAOExponentDirect: 0
    m_Padding: 2
    m_LightmapParameters: {fileID: 0}
    m_LightmapsBakeMode: 1
    m_TextureCompression: 1
    m_FinalGather: 0
    m_FinalGatherFiltering: 1
    m_FinalGatherRayCount: 256
    m_ReflectionCompression: 2
    m_MixedBakeMode: 2
    m_BakeBackend: 1
    m_PVRSampling: 1
    m_PVRDirectSampleCount: 32
    m_PVRSampleCount: 256
    m_PVRBounces: 2
    m_PVRFilterTypeDirect: 0
    m_PVRFilterTypeIndirect: 0
    m_PVRFilterTypeAO: 0
    m_PVRFilteringMode: 1
    m_PVRCulling: 1
    m_PVRFilteringGaussRadiusDirect: 1
    m_PVRFilteringGaussRadiusIndirect: 5
    m_PVRFilteringGaussRadiusAO: 2
    m_PVRFilteringAtrousPositionSigmaDirect: 0.5
    m_PVRFilteringAtrousPositionSigmaIndirect: 2
    m_PVRFilteringAtrousPositionSigmaAO: 1
    m_ShowResolutionOverlay: 1
  m_LightingDataAsset: {fileID: 0}
  m_UseShadowmask: 1
--- !u!196 &4
NavMeshSettings:
  serializedVersion: 2
  m_ObjectHideFlags: 0
  m_BuildSettings:
    serializedVersion: 2
    agentTypeID: 0
    agentRadius: 0.5
    agentHeight: 2
    agentSlope: 45
    agentClimb: 0.4
    ledgeDropHeight: 0
    maxJumpAcrossDistance: 0
    minRegionArea: 2
    manualCellSize: 0
    cellSize: 0.16666667
    manualTileSize: 0
    tileSize: 256
    accuratePlacement: 0
    debug:
      m_Flags: 0
  m_NavMeshData: {fileID: 0}
--- !u!1 &61593319
GameObject:
  m_ObjectHideFlags: 0
  m_CorrespondingSourceObject: {fileID: 100014, guid: 65e92f227846e794883569c427a9c4c3,
    type: 2}
  m_PrefabInternal: {fileID: 2107460125}
  serializedVersion: 6
  m_Component:
  - component: {fileID: 61593320}
  - component: {fileID: 61593322}
  - component: {fileID: 61593321}
  m_Layer: 0
  m_Name: Shell
  m_TagString: Untagged
  m_Icon: {fileID: 0}
  m_NavMeshLayer: 0
  m_StaticEditorFlags: 0
  m_IsActive: 1
--- !u!4 &61593320
Transform:
  m_ObjectHideFlags: 0
  m_CorrespondingSourceObject: {fileID: 400014, guid: 65e92f227846e794883569c427a9c4c3,
    type: 2}
  m_PrefabInternal: {fileID: 2107460125}
  m_GameObject: {fileID: 61593319}
  m_LocalRotation: {x: 0, y: 0, z: 0, w: 1}
  m_LocalPosition: {x: 0, y: 0, z: 0}
  m_LocalScale: {x: 1, y: 0.25, z: 1}
  m_Children: []
  m_Father: {fileID: 620414865}
  m_RootOrder: 0
  m_LocalEulerAnglesHint: {x: 0, y: 0, z: 0}
--- !u!23 &61593321
MeshRenderer:
  m_ObjectHideFlags: 0
  m_CorrespondingSourceObject: {fileID: 2300006, guid: 65e92f227846e794883569c427a9c4c3,
    type: 2}
  m_PrefabInternal: {fileID: 2107460125}
  m_GameObject: {fileID: 61593319}
  m_Enabled: 1
  m_CastShadows: 1
  m_ReceiveShadows: 1
  m_DynamicOccludee: 1
  m_MotionVectors: 1
  m_LightProbeUsage: 0
  m_ReflectionProbeUsage: 1
  m_RenderingLayerMask: 4294967295
  m_Materials:
  - {fileID: 2100000, guid: dd6d9bac0c71195479af54e1db0d691e, type: 2}
  m_StaticBatchInfo:
    firstSubMesh: 0
    subMeshCount: 0
  m_StaticBatchRoot: {fileID: 0}
  m_ProbeAnchor: {fileID: 0}
  m_LightProbeVolumeOverride: {fileID: 0}
  m_ScaleInLightmap: 1
  m_PreserveUVs: 0
  m_IgnoreNormalsForChartDetection: 0
  m_ImportantGI: 0
  m_StitchLightmapSeams: 0
  m_SelectedEditorRenderState: 3
  m_MinimumChartSize: 4
  m_AutoUVMaxDistance: 0.5
  m_AutoUVMaxAngle: 89
  m_LightmapParameters: {fileID: 0}
  m_SortingLayerID: 0
  m_SortingLayer: 0
  m_SortingOrder: 0
--- !u!33 &61593322
MeshFilter:
  m_ObjectHideFlags: 0
  m_CorrespondingSourceObject: {fileID: 3300006, guid: 65e92f227846e794883569c427a9c4c3,
    type: 2}
  m_PrefabInternal: {fileID: 2107460125}
  m_GameObject: {fileID: 61593319}
  m_Mesh: {fileID: 10208, guid: 0000000000000000e000000000000000, type: 0}
--- !u!1 &120496706
GameObject:
  m_ObjectHideFlags: 0
  m_CorrespondingSourceObject: {fileID: 0}
  m_PrefabInternal: {fileID: 0}
  serializedVersion: 6
  m_Component:
  - component: {fileID: 120496707}
  m_Layer: 0
  m_Name: GameObject (4)
  m_TagString: Untagged
  m_Icon: {fileID: 0}
  m_NavMeshLayer: 0
  m_StaticEditorFlags: 0
  m_IsActive: 1
--- !u!4 &120496707
Transform:
  m_ObjectHideFlags: 0
  m_CorrespondingSourceObject: {fileID: 0}
  m_PrefabInternal: {fileID: 0}
  m_GameObject: {fileID: 120496706}
  m_LocalRotation: {x: -0, y: -0, z: -0, w: 1}
  m_LocalPosition: {x: 7.78, y: 0, z: -20.22}
  m_LocalScale: {x: 1, y: 1, z: 1}
  m_Children: []
  m_Father: {fileID: 185317936}
  m_RootOrder: 4
  m_LocalEulerAnglesHint: {x: 0, y: 0, z: 0}
--- !u!1 &170076733
GameObject:
  m_ObjectHideFlags: 0
  m_CorrespondingSourceObject: {fileID: 0}
  m_PrefabInternal: {fileID: 0}
  serializedVersion: 6
  m_Component:
  - component: {fileID: 170076735}
  - component: {fileID: 170076734}
  m_Layer: 0
  m_Name: Directional Light
  m_TagString: Untagged
  m_Icon: {fileID: 0}
  m_NavMeshLayer: 0
  m_StaticEditorFlags: 0
  m_IsActive: 1
--- !u!108 &170076734
Light:
  m_ObjectHideFlags: 0
  m_CorrespondingSourceObject: {fileID: 0}
  m_PrefabInternal: {fileID: 0}
  m_GameObject: {fileID: 170076733}
  m_Enabled: 1
  serializedVersion: 8
  m_Type: 1
  m_Color: {r: 1, g: 0.95686275, b: 0.8392157, a: 1}
  m_Intensity: 1
  m_Range: 10
  m_SpotAngle: 30
  m_CookieSize: 10
  m_Shadows:
    m_Type: 2
    m_Resolution: -1
    m_CustomResolution: -1
    m_Strength: 1
    m_Bias: 0.05
    m_NormalBias: 0.4
    m_NearPlane: 0.2
  m_Cookie: {fileID: 0}
  m_DrawHalo: 0
  m_Flare: {fileID: 0}
  m_RenderMode: 0
  m_CullingMask:
    serializedVersion: 2
    m_Bits: 4294967295
  m_Lightmapping: 1
  m_LightShadowCasterMode: 0
  m_AreaSize: {x: 1, y: 1}
  m_BounceIntensity: 1
  m_ColorTemperature: 6570
  m_UseColorTemperature: 0
  m_ShadowRadius: 0
  m_ShadowAngle: 0
--- !u!4 &170076735
Transform:
  m_ObjectHideFlags: 0
  m_CorrespondingSourceObject: {fileID: 0}
  m_PrefabInternal: {fileID: 0}
  m_GameObject: {fileID: 170076733}
  m_LocalRotation: {x: 0.40821788, y: -0.23456968, z: 0.10938163, w: 0.8754261}
  m_LocalPosition: {x: 0, y: 3, z: 0}
  m_LocalScale: {x: 1, y: 1, z: 1}
  m_Children: []
  m_Father: {fileID: 0}
  m_RootOrder: 0
  m_LocalEulerAnglesHint: {x: 50, y: -30, z: 0}
--- !u!1 &185317935
GameObject:
  m_ObjectHideFlags: 0
  m_CorrespondingSourceObject: {fileID: 0}
  m_PrefabInternal: {fileID: 0}
  serializedVersion: 6
  m_Component:
  - component: {fileID: 185317936}
  m_Layer: 0
  m_Name: Waypoints
  m_TagString: Untagged
  m_Icon: {fileID: 0}
  m_NavMeshLayer: 0
  m_StaticEditorFlags: 0
  m_IsActive: 1
--- !u!4 &185317936
Transform:
  m_ObjectHideFlags: 0
  m_CorrespondingSourceObject: {fileID: 0}
  m_PrefabInternal: {fileID: 0}
  m_GameObject: {fileID: 185317935}
  m_LocalRotation: {x: -0, y: -0, z: -0, w: 1}
  m_LocalPosition: {x: 10.09, y: 1, z: 3.49}
  m_LocalScale: {x: 1, y: 1, z: 1}
  m_Children:
  - {fileID: 1501880549}
  - {fileID: 743830047}
  - {fileID: 738330158}
  - {fileID: 1201090182}
  - {fileID: 120496707}
  m_Father: {fileID: 1460921450}
  m_RootOrder: 3
  m_LocalEulerAnglesHint: {x: 0, y: 0, z: 0}
--- !u!1 &480769087
GameObject:
  m_ObjectHideFlags: 0
  m_CorrespondingSourceObject: {fileID: 100012, guid: 65e92f227846e794883569c427a9c4c3,
    type: 2}
  m_PrefabInternal: {fileID: 2107460125}
  serializedVersion: 6
  m_Component:
  - component: {fileID: 480769088}
  - component: {fileID: 480769093}
  - component: {fileID: 480769089}
  - component: {fileID: 480769090}
  - component: {fileID: 480769091}
  - component: {fileID: 480769092}
  m_Layer: 0
  m_Name: Tank
  m_TagString: Player
  m_Icon: {fileID: 0}
  m_NavMeshLayer: 0
  m_StaticEditorFlags: 0
  m_IsActive: 1
--- !u!4 &480769088
Transform:
  m_ObjectHideFlags: 0
  m_CorrespondingSourceObject: {fileID: 400012, guid: 65e92f227846e794883569c427a9c4c3,
    type: 2}
  m_PrefabInternal: {fileID: 2107460125}
  m_GameObject: {fileID: 480769087}
  m_LocalRotation: {x: -0, y: -0, z: -0, w: 1}
  m_LocalPosition: {x: 0.08, y: 0.506, z: -26.631}
  m_LocalScale: {x: 1, y: 1, z: 1}
  m_Children:
  - {fileID: 769236045}
  - {fileID: 534669905}
  - {fileID: 1617765039}
  m_Father: {fileID: 1460921450}
  m_RootOrder: 0
  m_LocalEulerAnglesHint: {x: 0, y: 0, z: 0}
--- !u!114 &480769089
MonoBehaviour:
  m_ObjectHideFlags: 0
  m_CorrespondingSourceObject: {fileID: 0}
  m_PrefabInternal: {fileID: 0}
  m_GameObject: {fileID: 480769087}
  m_Enabled: 1
  m_EditorHideFlags: 0
  m_Script: {fileID: 11500000, guid: a638b21236077334abea18aad12e686f, type: 3}
  m_Name: 
  m_EditorClassIdentifier: 
  tf: {fileID: 480769088}
  data: {fileID: 480769091}
--- !u!114 &480769090
MonoBehaviour:
  m_ObjectHideFlags: 0
  m_CorrespondingSourceObject: {fileID: 0}
  m_PrefabInternal: {fileID: 0}
  m_GameObject: {fileID: 480769087}
  m_Enabled: 1
  m_EditorHideFlags: 0
  m_Script: {fileID: 11500000, guid: b39754dfc55fa2f4594e6900088dc6e2, type: 3}
  m_Name: 
  m_EditorClassIdentifier: 
  input: 0
  data: {fileID: 480769091}
  motor: {fileID: 480769089}
  player: 
--- !u!114 &480769091
MonoBehaviour:
  m_ObjectHideFlags: 0
  m_CorrespondingSourceObject: {fileID: 0}
  m_PrefabInternal: {fileID: 0}
  m_GameObject: {fileID: 480769087}
  m_Enabled: 1
  m_EditorHideFlags: 0
  m_Script: {fileID: 11500000, guid: 558ef033175b09b42b65568857d7374d, type: 3}
  m_Name: 
  m_EditorClassIdentifier: 
  moveSpeed: 3
  rotateSpeed: 180
--- !u!114 &480769092
MonoBehaviour:
  m_ObjectHideFlags: 0
  m_CorrespondingSourceObject: {fileID: 0}
  m_PrefabInternal: {fileID: 0}
  m_GameObject: {fileID: 480769087}
  m_Enabled: 1
  m_EditorHideFlags: 0
  m_Script: {fileID: 11500000, guid: a638b21236077334abea18aad12e686f, type: 3}
  m_Name: 
  m_EditorClassIdentifier: 
  tf: {fileID: 480769088}
  data: {fileID: 480769091}
--- !u!143 &480769093
CharacterController:
  m_ObjectHideFlags: 0
  m_CorrespondingSourceObject: {fileID: 14300000, guid: 65e92f227846e794883569c427a9c4c3,
    type: 2}
  m_PrefabInternal: {fileID: 2107460125}
  m_GameObject: {fileID: 480769087}
  m_Material: {fileID: 0}
  m_IsTrigger: 0
  m_Enabled: 1
  serializedVersion: 2
  m_Height: 1
  m_Radius: 0.5
  m_SlopeLimit: 45
  m_StepOffset: 0.3
  m_SkinWidth: 0.001
  m_MinMoveDistance: 0
  m_Center: {x: 0, y: 0, z: 0}
--- !u!1 &525026244
GameObject:
  m_ObjectHideFlags: 0
  m_CorrespondingSourceObject: {fileID: 0}
  m_PrefabInternal: {fileID: 0}
  serializedVersion: 6
  m_Component:
  - component: {fileID: 525026245}
  m_Layer: 0
  m_Name: Rocks
  m_TagString: Untagged
  m_Icon: {fileID: 0}
  m_NavMeshLayer: 0
  m_StaticEditorFlags: 0
  m_IsActive: 1
--- !u!4 &525026245
Transform:
  m_ObjectHideFlags: 0
  m_CorrespondingSourceObject: {fileID: 0}
  m_PrefabInternal: {fileID: 0}
  m_GameObject: {fileID: 525026244}
  m_LocalRotation: {x: 0, y: 0, z: 0, w: 1}
  m_LocalPosition: {x: 0, y: 0, z: 0}
  m_LocalScale: {x: 1, y: 1, z: 1}
  m_Children:
  - {fileID: 1074122719}
  - {fileID: 1656460942}
  - {fileID: 1142418688}
  m_Father: {fileID: 1698631915}
  m_RootOrder: 13
  m_LocalEulerAnglesHint: {x: 0, y: 0, z: 0}
--- !u!1 &534669902
GameObject:
  m_ObjectHideFlags: 0
  m_CorrespondingSourceObject: {fileID: 0}
  m_PrefabInternal: {fileID: 0}
  serializedVersion: 6
  m_Component:
  - component: {fileID: 534669905}
  - component: {fileID: 534669904}
  - component: {fileID: 534669903}
  m_Layer: 0
  m_Name: Main Camera
  m_TagString: Untagged
  m_Icon: {fileID: 0}
  m_NavMeshLayer: 0
  m_StaticEditorFlags: 0
  m_IsActive: 1
--- !u!81 &534669903
AudioListener:
  m_ObjectHideFlags: 0
  m_CorrespondingSourceObject: {fileID: 0}
  m_PrefabInternal: {fileID: 0}
  m_GameObject: {fileID: 534669902}
  m_Enabled: 1
--- !u!20 &534669904
Camera:
  m_ObjectHideFlags: 0
  m_CorrespondingSourceObject: {fileID: 0}
  m_PrefabInternal: {fileID: 0}
  m_GameObject: {fileID: 534669902}
  m_Enabled: 1
  serializedVersion: 2
  m_ClearFlags: 1
  m_BackGroundColor: {r: 0.19215687, g: 0.3019608, b: 0.4745098, a: 0}
  m_projectionMatrixMode: 1
  m_SensorSize: {x: 36, y: 24}
  m_LensShift: {x: 0, y: 0}
  m_FocalLength: 50
  m_NormalizedViewPortRect:
    serializedVersion: 2
    x: 0
    y: 0
    width: 1
    height: 1
  near clip plane: 0.3
  far clip plane: 1000
  field of view: 60
  orthographic: 0
  orthographic size: 5
  m_Depth: -1
  m_CullingMask:
    serializedVersion: 2
    m_Bits: 4294967295
  m_RenderingPath: -1
  m_TargetTexture: {fileID: 0}
  m_TargetDisplay: 0
  m_TargetEye: 3
  m_HDR: 1
  m_AllowMSAA: 1
  m_AllowDynamicResolution: 0
  m_ForceIntoRT: 0
  m_OcclusionCulling: 1
  m_StereoConvergence: 10
  m_StereoSeparation: 0.022
--- !u!4 &534669905
Transform:
  m_ObjectHideFlags: 0
  m_CorrespondingSourceObject: {fileID: 0}
  m_PrefabInternal: {fileID: 0}
  m_GameObject: {fileID: 534669902}
  m_LocalRotation: {x: -0, y: -0, z: -0, w: 1}
  m_LocalPosition: {x: 0, y: 0.498, z: 0}
  m_LocalScale: {x: 1, y: 1, z: 1}
  m_Children: []
  m_Father: {fileID: 480769088}
  m_RootOrder: 1
  m_LocalEulerAnglesHint: {x: 0, y: 0, z: 0}
--- !u!1001 &538527692
Prefab:
  m_ObjectHideFlags: 0
  serializedVersion: 2
  m_Modification:
    m_TransformParent: {fileID: 1460921450}
    m_Modifications:
    - target: {fileID: 2321810, guid: 41d4243be8ad3a5409422171976de7ff, type: 2}
      propertyPath: m_Materials.Array.size
      value: 1
      objectReference: {fileID: 0}
    - target: {fileID: 421816, guid: 41d4243be8ad3a5409422171976de7ff, type: 2}
      propertyPath: m_LocalPosition.x
      value: -1.89295
      objectReference: {fileID: 0}
    - target: {fileID: 421816, guid: 41d4243be8ad3a5409422171976de7ff, type: 2}
      propertyPath: m_LocalPosition.y
      value: 0
      objectReference: {fileID: 0}
    - target: {fileID: 421816, guid: 41d4243be8ad3a5409422171976de7ff, type: 2}
      propertyPath: m_LocalPosition.z
      value: -3.67
      objectReference: {fileID: 0}
    - target: {fileID: 421816, guid: 41d4243be8ad3a5409422171976de7ff, type: 2}
      propertyPath: m_LocalRotation.x
      value: -0
      objectReference: {fileID: 0}
    - target: {fileID: 421816, guid: 41d4243be8ad3a5409422171976de7ff, type: 2}
      propertyPath: m_LocalRotation.y
      value: -0
      objectReference: {fileID: 0}
    - target: {fileID: 421816, guid: 41d4243be8ad3a5409422171976de7ff, type: 2}
      propertyPath: m_LocalRotation.z
      value: -0
      objectReference: {fileID: 0}
    - target: {fileID: 421816, guid: 41d4243be8ad3a5409422171976de7ff, type: 2}
      propertyPath: m_LocalRotation.w
      value: 1
      objectReference: {fileID: 0}
    - target: {fileID: 421816, guid: 41d4243be8ad3a5409422171976de7ff, type: 2}
      propertyPath: m_RootOrder
      value: 2
      objectReference: {fileID: 0}
    - target: {fileID: 121816, guid: 41d4243be8ad3a5409422171976de7ff, type: 2}
      propertyPath: m_TagString
      value: Untagged
      objectReference: {fileID: 0}
    - target: {fileID: 121800, guid: 41d4243be8ad3a5409422171976de7ff, type: 2}
      propertyPath: m_TagString
      value: Wall
      objectReference: {fileID: 0}
    - target: {fileID: 197350, guid: 41d4243be8ad3a5409422171976de7ff, type: 2}
      propertyPath: m_TagString
      value: Wall
      objectReference: {fileID: 0}
    - target: {fileID: 109208, guid: 41d4243be8ad3a5409422171976de7ff, type: 2}
      propertyPath: m_TagString
      value: Wall
      objectReference: {fileID: 0}
    - target: {fileID: 190428, guid: 41d4243be8ad3a5409422171976de7ff, type: 2}
      propertyPath: m_TagString
      value: Wall
      objectReference: {fileID: 0}
    - target: {fileID: 121804, guid: 41d4243be8ad3a5409422171976de7ff, type: 2}
      propertyPath: m_TagString
      value: Wall
      objectReference: {fileID: 0}
    - target: {fileID: 121812, guid: 41d4243be8ad3a5409422171976de7ff, type: 2}
      propertyPath: m_TagString
      value: Wall
      objectReference: {fileID: 0}
    - target: {fileID: 121814, guid: 41d4243be8ad3a5409422171976de7ff, type: 2}
      propertyPath: m_TagString
      value: Wall
      objectReference: {fileID: 0}
    - target: {fileID: 121798, guid: 41d4243be8ad3a5409422171976de7ff, type: 2}
      propertyPath: m_TagString
      value: Wall
      objectReference: {fileID: 0}
    - target: {fileID: 121806, guid: 41d4243be8ad3a5409422171976de7ff, type: 2}
      propertyPath: m_TagString
      value: Wall
      objectReference: {fileID: 0}
    - target: {fileID: 121802, guid: 41d4243be8ad3a5409422171976de7ff, type: 2}
      propertyPath: m_TagString
      value: Wall
      objectReference: {fileID: 0}
    - target: {fileID: 121808, guid: 41d4243be8ad3a5409422171976de7ff, type: 2}
      propertyPath: m_TagString
      value: Wall
      objectReference: {fileID: 0}
    - target: {fileID: 111388, guid: 41d4243be8ad3a5409422171976de7ff, type: 2}
      propertyPath: m_TagString
      value: Wall
      objectReference: {fileID: 0}
    - target: {fileID: 2321810, guid: 41d4243be8ad3a5409422171976de7ff, type: 2}
      propertyPath: m_Materials.Array.data[0]
      value: 
      objectReference: {fileID: 2100000, guid: 90187cc5181e89f45b8c0b36a92caebd, type: 2}
    - target: {fileID: 2321810, guid: 41d4243be8ad3a5409422171976de7ff, type: 2}
      propertyPath: m_DynamicOccludee
      value: 1
      objectReference: {fileID: 0}
    - target: {fileID: 2321810, guid: 41d4243be8ad3a5409422171976de7ff, type: 2}
      propertyPath: m_Enabled
      value: 1
      objectReference: {fileID: 0}
    - target: {fileID: 2321810, guid: 41d4243be8ad3a5409422171976de7ff, type: 2}
      propertyPath: m_Materials.Array.data[1]
      value: 
      objectReference: {fileID: 2100000, guid: 90187cc5181e89f45b8c0b36a92caebd, type: 2}
    - target: {fileID: 2321810, guid: 41d4243be8ad3a5409422171976de7ff, type: 2}
      propertyPath: m_Materials.Array.data[2]
      value: 
      objectReference: {fileID: 2100000, guid: 90187cc5181e89f45b8c0b36a92caebd, type: 2}
    - target: {fileID: 2321810, guid: 41d4243be8ad3a5409422171976de7ff, type: 2}
      propertyPath: m_Materials.Array.data[3]
      value: 
      objectReference: {fileID: 2100000, guid: 90187cc5181e89f45b8c0b36a92caebd, type: 2}
    - target: {fileID: 2321810, guid: 41d4243be8ad3a5409422171976de7ff, type: 2}
      propertyPath: m_Materials.Array.data[4]
      value: 
      objectReference: {fileID: 2100000, guid: 90187cc5181e89f45b8c0b36a92caebd, type: 2}
    - target: {fileID: 2321810, guid: 41d4243be8ad3a5409422171976de7ff, type: 2}
      propertyPath: m_Materials.Array.data[5]
      value: 
      objectReference: {fileID: 2100000, guid: 90187cc5181e89f45b8c0b36a92caebd, type: 2}
    - target: {fileID: 2321810, guid: 41d4243be8ad3a5409422171976de7ff, type: 2}
      propertyPath: m_Materials.Array.data[6]
      value: 
      objectReference: {fileID: 2100000, guid: 90187cc5181e89f45b8c0b36a92caebd, type: 2}
    - target: {fileID: 2321810, guid: 41d4243be8ad3a5409422171976de7ff, type: 2}
      propertyPath: m_Materials.Array.data[7]
      value: 
      objectReference: {fileID: 2100000, guid: 90187cc5181e89f45b8c0b36a92caebd, type: 2}
    - target: {fileID: 2321810, guid: 41d4243be8ad3a5409422171976de7ff, type: 2}
      propertyPath: m_Materials.Array.data[8]
      value: 
      objectReference: {fileID: 2100000, guid: 90187cc5181e89f45b8c0b36a92caebd, type: 2}
    - target: {fileID: 2321810, guid: 41d4243be8ad3a5409422171976de7ff, type: 2}
      propertyPath: m_Materials.Array.data[9]
      value: 
      objectReference: {fileID: 2100000, guid: 90187cc5181e89f45b8c0b36a92caebd, type: 2}
    - target: {fileID: 2321810, guid: 41d4243be8ad3a5409422171976de7ff, type: 2}
      propertyPath: m_Materials.Array.data[10]
      value: 
      objectReference: {fileID: 2100000, guid: 90187cc5181e89f45b8c0b36a92caebd, type: 2}
    - target: {fileID: 2321810, guid: 41d4243be8ad3a5409422171976de7ff, type: 2}
      propertyPath: m_Materials.Array.data[11]
      value: 
      objectReference: {fileID: 2100000, guid: 90187cc5181e89f45b8c0b36a92caebd, type: 2}
    - target: {fileID: 2321810, guid: 41d4243be8ad3a5409422171976de7ff, type: 2}
      propertyPath: m_Materials.Array.data[12]
      value: 
      objectReference: {fileID: 2100000, guid: 90187cc5181e89f45b8c0b36a92caebd, type: 2}
    - target: {fileID: 2321810, guid: 41d4243be8ad3a5409422171976de7ff, type: 2}
      propertyPath: m_Materials.Array.data[13]
      value: 
      objectReference: {fileID: 2100000, guid: 90187cc5181e89f45b8c0b36a92caebd, type: 2}
    - target: {fileID: 2321810, guid: 41d4243be8ad3a5409422171976de7ff, type: 2}
      propertyPath: m_Materials.Array.data[14]
      value: 
      objectReference: {fileID: 2100000, guid: 90187cc5181e89f45b8c0b36a92caebd, type: 2}
    - target: {fileID: 2321810, guid: 41d4243be8ad3a5409422171976de7ff, type: 2}
      propertyPath: m_Materials.Array.data[15]
      value: 
      objectReference: {fileID: 2100000, guid: 90187cc5181e89f45b8c0b36a92caebd, type: 2}
    - target: {fileID: 2321810, guid: 41d4243be8ad3a5409422171976de7ff, type: 2}
      propertyPath: m_Materials.Array.data[16]
      value: 
      objectReference: {fileID: 2100000, guid: 90187cc5181e89f45b8c0b36a92caebd, type: 2}
    - target: {fileID: 2321810, guid: 41d4243be8ad3a5409422171976de7ff, type: 2}
      propertyPath: m_Materials.Array.data[17]
      value: 
      objectReference: {fileID: 2100000, guid: 90187cc5181e89f45b8c0b36a92caebd, type: 2}
    - target: {fileID: 2321810, guid: 41d4243be8ad3a5409422171976de7ff, type: 2}
      propertyPath: m_Materials.Array.data[18]
      value: 
      objectReference: {fileID: 2100000, guid: 90187cc5181e89f45b8c0b36a92caebd, type: 2}
    - target: {fileID: 2321810, guid: 41d4243be8ad3a5409422171976de7ff, type: 2}
      propertyPath: m_Materials.Array.data[19]
      value: 
      objectReference: {fileID: 2100000, guid: 90187cc5181e89f45b8c0b36a92caebd, type: 2}
    - target: {fileID: 2321810, guid: 41d4243be8ad3a5409422171976de7ff, type: 2}
      propertyPath: m_Materials.Array.data[20]
      value: 
      objectReference: {fileID: 2100000, guid: 90187cc5181e89f45b8c0b36a92caebd, type: 2}
    - target: {fileID: 2321810, guid: 41d4243be8ad3a5409422171976de7ff, type: 2}
      propertyPath: m_Materials.Array.data[21]
      value: 
      objectReference: {fileID: 2100000, guid: 90187cc5181e89f45b8c0b36a92caebd, type: 2}
    - target: {fileID: 2321810, guid: 41d4243be8ad3a5409422171976de7ff, type: 2}
      propertyPath: m_Materials.Array.data[22]
      value: 
      objectReference: {fileID: 2100000, guid: 90187cc5181e89f45b8c0b36a92caebd, type: 2}
    - target: {fileID: 2321810, guid: 41d4243be8ad3a5409422171976de7ff, type: 2}
      propertyPath: m_Materials.Array.data[23]
      value: 
      objectReference: {fileID: 2100000, guid: 90187cc5181e89f45b8c0b36a92caebd, type: 2}
    - target: {fileID: 2321810, guid: 41d4243be8ad3a5409422171976de7ff, type: 2}
      propertyPath: m_Materials.Array.data[24]
      value: 
      objectReference: {fileID: 2100000, guid: 90187cc5181e89f45b8c0b36a92caebd, type: 2}
    - target: {fileID: 2321810, guid: 41d4243be8ad3a5409422171976de7ff, type: 2}
      propertyPath: m_Materials.Array.data[25]
      value: 
      objectReference: {fileID: 2100000, guid: 90187cc5181e89f45b8c0b36a92caebd, type: 2}
    - target: {fileID: 2321810, guid: 41d4243be8ad3a5409422171976de7ff, type: 2}
      propertyPath: m_Materials.Array.data[26]
      value: 
      objectReference: {fileID: 2100000, guid: 90187cc5181e89f45b8c0b36a92caebd, type: 2}
    - target: {fileID: 2321810, guid: 41d4243be8ad3a5409422171976de7ff, type: 2}
      propertyPath: m_Materials.Array.data[27]
      value: 
      objectReference: {fileID: 2100000, guid: 90187cc5181e89f45b8c0b36a92caebd, type: 2}
    - target: {fileID: 2321810, guid: 41d4243be8ad3a5409422171976de7ff, type: 2}
      propertyPath: m_Materials.Array.data[28]
      value: 
      objectReference: {fileID: 2100000, guid: 90187cc5181e89f45b8c0b36a92caebd, type: 2}
    - target: {fileID: 2321810, guid: 41d4243be8ad3a5409422171976de7ff, type: 2}
      propertyPath: m_Materials.Array.data[29]
      value: 
      objectReference: {fileID: 2100000, guid: 90187cc5181e89f45b8c0b36a92caebd, type: 2}
    - target: {fileID: 2321810, guid: 41d4243be8ad3a5409422171976de7ff, type: 2}
      propertyPath: m_Materials.Array.data[30]
      value: 
      objectReference: {fileID: 2100000, guid: 90187cc5181e89f45b8c0b36a92caebd, type: 2}
    - target: {fileID: 2321810, guid: 41d4243be8ad3a5409422171976de7ff, type: 2}
      propertyPath: m_Materials.Array.data[31]
      value: 
      objectReference: {fileID: 2100000, guid: 90187cc5181e89f45b8c0b36a92caebd, type: 2}
    - target: {fileID: 2321810, guid: 41d4243be8ad3a5409422171976de7ff, type: 2}
      propertyPath: m_Materials.Array.data[32]
      value: 
      objectReference: {fileID: 2100000, guid: 90187cc5181e89f45b8c0b36a92caebd, type: 2}
    - target: {fileID: 2321810, guid: 41d4243be8ad3a5409422171976de7ff, type: 2}
      propertyPath: m_Materials.Array.data[33]
      value: 
      objectReference: {fileID: 2100000, guid: 90187cc5181e89f45b8c0b36a92caebd, type: 2}
    - target: {fileID: 2321810, guid: 41d4243be8ad3a5409422171976de7ff, type: 2}
      propertyPath: m_Materials.Array.data[34]
      value: 
      objectReference: {fileID: 2100000, guid: 90187cc5181e89f45b8c0b36a92caebd, type: 2}
    - target: {fileID: 2321810, guid: 41d4243be8ad3a5409422171976de7ff, type: 2}
      propertyPath: m_Materials.Array.data[35]
      value: 
      objectReference: {fileID: 2100000, guid: 90187cc5181e89f45b8c0b36a92caebd, type: 2}
    - target: {fileID: 2321810, guid: 41d4243be8ad3a5409422171976de7ff, type: 2}
      propertyPath: m_Materials.Array.data[36]
      value: 
      objectReference: {fileID: 2100000, guid: 90187cc5181e89f45b8c0b36a92caebd, type: 2}
    - target: {fileID: 2321810, guid: 41d4243be8ad3a5409422171976de7ff, type: 2}
      propertyPath: m_Materials.Array.data[37]
      value: 
      objectReference: {fileID: 2100000, guid: 90187cc5181e89f45b8c0b36a92caebd, type: 2}
    - target: {fileID: 2321810, guid: 41d4243be8ad3a5409422171976de7ff, type: 2}
      propertyPath: m_Materials.Array.data[38]
      value: 
      objectReference: {fileID: 2100000, guid: 90187cc5181e89f45b8c0b36a92caebd, type: 2}
    - target: {fileID: 2321810, guid: 41d4243be8ad3a5409422171976de7ff, type: 2}
      propertyPath: m_Materials.Array.data[39]
      value: 
      objectReference: {fileID: 2100000, guid: 90187cc5181e89f45b8c0b36a92caebd, type: 2}
    - target: {fileID: 2321810, guid: 41d4243be8ad3a5409422171976de7ff, type: 2}
      propertyPath: m_Materials.Array.data[40]
      value: 
      objectReference: {fileID: 2100000, guid: 90187cc5181e89f45b8c0b36a92caebd, type: 2}
    - target: {fileID: 2321810, guid: 41d4243be8ad3a5409422171976de7ff, type: 2}
      propertyPath: m_Materials.Array.data[41]
      value: 
      objectReference: {fileID: 2100000, guid: 90187cc5181e89f45b8c0b36a92caebd, type: 2}
    - target: {fileID: 2321810, guid: 41d4243be8ad3a5409422171976de7ff, type: 2}
      propertyPath: m_Materials.Array.data[42]
      value: 
      objectReference: {fileID: 2100000, guid: 90187cc5181e89f45b8c0b36a92caebd, type: 2}
    - target: {fileID: 2321810, guid: 41d4243be8ad3a5409422171976de7ff, type: 2}
      propertyPath: m_Materials.Array.data[43]
      value: 
      objectReference: {fileID: 2100000, guid: 90187cc5181e89f45b8c0b36a92caebd, type: 2}
    - target: {fileID: 2321810, guid: 41d4243be8ad3a5409422171976de7ff, type: 2}
      propertyPath: m_Materials.Array.data[44]
      value: 
      objectReference: {fileID: 2100000, guid: 90187cc5181e89f45b8c0b36a92caebd, type: 2}
    - target: {fileID: 2321810, guid: 41d4243be8ad3a5409422171976de7ff, type: 2}
      propertyPath: m_Materials.Array.data[45]
      value: 
      objectReference: {fileID: 2100000, guid: 90187cc5181e89f45b8c0b36a92caebd, type: 2}
    - target: {fileID: 2321810, guid: 41d4243be8ad3a5409422171976de7ff, type: 2}
      propertyPath: m_Materials.Array.data[46]
      value: 
      objectReference: {fileID: 2100000, guid: 90187cc5181e89f45b8c0b36a92caebd, type: 2}
    - target: {fileID: 2321810, guid: 41d4243be8ad3a5409422171976de7ff, type: 2}
      propertyPath: m_Materials.Array.data[47]
      value: 
      objectReference: {fileID: 2100000, guid: 90187cc5181e89f45b8c0b36a92caebd, type: 2}
    - target: {fileID: 2321810, guid: 41d4243be8ad3a5409422171976de7ff, type: 2}
      propertyPath: m_Materials.Array.data[48]
      value: 
      objectReference: {fileID: 2100000, guid: 90187cc5181e89f45b8c0b36a92caebd, type: 2}
    - target: {fileID: 2321810, guid: 41d4243be8ad3a5409422171976de7ff, type: 2}
      propertyPath: m_Materials.Array.data[49]
      value: 
      objectReference: {fileID: 2100000, guid: 90187cc5181e89f45b8c0b36a92caebd, type: 2}
    - target: {fileID: 421810, guid: 41d4243be8ad3a5409422171976de7ff, type: 2}
      propertyPath: m_LocalPosition.x
      value: 0
      objectReference: {fileID: 0}
    - target: {fileID: 2321804, guid: 41d4243be8ad3a5409422171976de7ff, type: 2}
      propertyPath: m_Materials.Array.data[0]
      value: 
      objectReference: {fileID: 2100000, guid: 4529a0be91df93e4194474c70eb8c221, type: 2}
    - target: {fileID: 2311388, guid: 41d4243be8ad3a5409422171976de7ff, type: 2}
      propertyPath: m_Materials.Array.data[0]
      value: 
      objectReference: {fileID: 2100000, guid: 4529a0be91df93e4194474c70eb8c221, type: 2}
    - target: {fileID: 2321802, guid: 41d4243be8ad3a5409422171976de7ff, type: 2}
      propertyPath: m_Materials.Array.data[0]
      value: 
      objectReference: {fileID: 2100000, guid: 4529a0be91df93e4194474c70eb8c221, type: 2}
    - target: {fileID: 2321814, guid: 41d4243be8ad3a5409422171976de7ff, type: 2}
      propertyPath: m_Materials.Array.data[0]
      value: 
      objectReference: {fileID: 2100000, guid: 4529a0be91df93e4194474c70eb8c221, type: 2}
    - target: {fileID: 2321812, guid: 41d4243be8ad3a5409422171976de7ff, type: 2}
      propertyPath: m_Materials.Array.data[0]
      value: 
      objectReference: {fileID: 2100000, guid: 4529a0be91df93e4194474c70eb8c221, type: 2}
    - target: {fileID: 2321798, guid: 41d4243be8ad3a5409422171976de7ff, type: 2}
      propertyPath: m_Materials.Array.data[0]
      value: 
      objectReference: {fileID: 2100000, guid: 4529a0be91df93e4194474c70eb8c221, type: 2}
    - target: {fileID: 2321806, guid: 41d4243be8ad3a5409422171976de7ff, type: 2}
      propertyPath: m_Materials.Array.data[0]
      value: 
      objectReference: {fileID: 2100000, guid: 4529a0be91df93e4194474c70eb8c221, type: 2}
    - target: {fileID: 2321808, guid: 41d4243be8ad3a5409422171976de7ff, type: 2}
      propertyPath: m_Materials.Array.data[0]
      value: 
      objectReference: {fileID: 2100000, guid: 4529a0be91df93e4194474c70eb8c221, type: 2}
    - target: {fileID: 2309208, guid: 41d4243be8ad3a5409422171976de7ff, type: 2}
      propertyPath: m_Materials.Array.data[0]
      value: 
      objectReference: {fileID: 2100000, guid: 4529a0be91df93e4194474c70eb8c221, type: 2}
    - target: {fileID: 2397350, guid: 41d4243be8ad3a5409422171976de7ff, type: 2}
      propertyPath: m_Materials.Array.data[0]
      value: 
      objectReference: {fileID: 2100000, guid: 4529a0be91df93e4194474c70eb8c221, type: 2}
    - target: {fileID: 2321800, guid: 41d4243be8ad3a5409422171976de7ff, type: 2}
      propertyPath: m_Materials.Array.data[0]
      value: 
      objectReference: {fileID: 2100000, guid: 4529a0be91df93e4194474c70eb8c221, type: 2}
    - target: {fileID: 2390428, guid: 41d4243be8ad3a5409422171976de7ff, type: 2}
      propertyPath: m_Materials.Array.data[0]
      value: 
      objectReference: {fileID: 2100000, guid: 4529a0be91df93e4194474c70eb8c221, type: 2}
    - target: {fileID: 411388, guid: 41d4243be8ad3a5409422171976de7ff, type: 2}
      propertyPath: m_LocalRotation.y
      value: 1
      objectReference: {fileID: 0}
    - target: {fileID: 411388, guid: 41d4243be8ad3a5409422171976de7ff, type: 2}
      propertyPath: m_LocalEulerAnglesHint.y
      value: 180
      objectReference: {fileID: 0}
    - target: {fileID: 421808, guid: 41d4243be8ad3a5409422171976de7ff, type: 2}
      propertyPath: m_LocalRotation.y
      value: 1
      objectReference: {fileID: 0}
    - target: {fileID: 421808, guid: 41d4243be8ad3a5409422171976de7ff, type: 2}
      propertyPath: m_LocalEulerAnglesHint.y
      value: 180
      objectReference: {fileID: 0}
    - target: {fileID: 490428, guid: 41d4243be8ad3a5409422171976de7ff, type: 2}
      propertyPath: m_LocalRotation.y
      value: 1
      objectReference: {fileID: 0}
    - target: {fileID: 490428, guid: 41d4243be8ad3a5409422171976de7ff, type: 2}
      propertyPath: m_LocalEulerAnglesHint.y
      value: 180
      objectReference: {fileID: 0}
    - target: {fileID: 411388, guid: 41d4243be8ad3a5409422171976de7ff, type: 2}
      propertyPath: m_LocalRotation.w
      value: 0
      objectReference: {fileID: 0}
    - target: {fileID: 421808, guid: 41d4243be8ad3a5409422171976de7ff, type: 2}
      propertyPath: m_LocalRotation.w
      value: 0
      objectReference: {fileID: 0}
    - target: {fileID: 490428, guid: 41d4243be8ad3a5409422171976de7ff, type: 2}
      propertyPath: m_LocalRotation.w
      value: 0
      objectReference: {fileID: 0}
    - target: {fileID: 421810, guid: 41d4243be8ad3a5409422171976de7ff, type: 2}
      propertyPath: m_LocalPosition.y
      value: 0
      objectReference: {fileID: 0}
    - target: {fileID: 421804, guid: 41d4243be8ad3a5409422171976de7ff, type: 2}
      propertyPath: m_RootOrder
      value: 9
      objectReference: {fileID: 0}
    - target: {fileID: 421812, guid: 41d4243be8ad3a5409422171976de7ff, type: 2}
      propertyPath: m_RootOrder
      value: 8
      objectReference: {fileID: 0}
    - target: {fileID: 421802, guid: 41d4243be8ad3a5409422171976de7ff, type: 2}
      propertyPath: m_RootOrder
      value: 4
      objectReference: {fileID: 0}
    - target: {fileID: 409208, guid: 41d4243be8ad3a5409422171976de7ff, type: 2}
      propertyPath: m_RootOrder
      value: 11
      objectReference: {fileID: 0}
    - target: {fileID: 421806, guid: 41d4243be8ad3a5409422171976de7ff, type: 2}
      propertyPath: m_RootOrder
      value: 5
      objectReference: {fileID: 0}
    - target: {fileID: 421798, guid: 41d4243be8ad3a5409422171976de7ff, type: 2}
      propertyPath: m_RootOrder
      value: 6
      objectReference: {fileID: 0}
    - target: {fileID: 421800, guid: 41d4243be8ad3a5409422171976de7ff, type: 2}
      propertyPath: m_RootOrder
      value: 13
      objectReference: {fileID: 0}
    - target: {fileID: 421808, guid: 41d4243be8ad3a5409422171976de7ff, type: 2}
      propertyPath: m_RootOrder
      value: 3
      objectReference: {fileID: 0}
    - target: {fileID: 421814, guid: 41d4243be8ad3a5409422171976de7ff, type: 2}
      propertyPath: m_RootOrder
      value: 7
      objectReference: {fileID: 0}
    - target: {fileID: 490428, guid: 41d4243be8ad3a5409422171976de7ff, type: 2}
      propertyPath: m_RootOrder
      value: 10
      objectReference: {fileID: 0}
    - target: {fileID: 497350, guid: 41d4243be8ad3a5409422171976de7ff, type: 2}
      propertyPath: m_RootOrder
      value: 12
      objectReference: {fileID: 0}
    - target: {fileID: 411388, guid: 41d4243be8ad3a5409422171976de7ff, type: 2}
      propertyPath: m_RootOrder
      value: 2
      objectReference: {fileID: 0}
    m_RemovedComponents:
    - {fileID: 2321810, guid: 41d4243be8ad3a5409422171976de7ff, type: 2}
  m_SourcePrefab: {fileID: 100100000, guid: 41d4243be8ad3a5409422171976de7ff, type: 2}
  m_IsPrefabAsset: 0
--- !u!1 &620414864
GameObject:
  m_ObjectHideFlags: 0
  m_CorrespondingSourceObject: {fileID: 100004, guid: 65e92f227846e794883569c427a9c4c3,
    type: 2}
  m_PrefabInternal: {fileID: 2107460125}
  serializedVersion: 6
  m_Component:
  - component: {fileID: 620414865}
  m_Layer: 0
  m_Name: Body
  m_TagString: Untagged
  m_Icon: {fileID: 0}
  m_NavMeshLayer: 0
  m_StaticEditorFlags: 0
  m_IsActive: 1
--- !u!4 &620414865
Transform:
  m_ObjectHideFlags: 0
  m_CorrespondingSourceObject: {fileID: 400004, guid: 65e92f227846e794883569c427a9c4c3,
    type: 2}
  m_PrefabInternal: {fileID: 2107460125}
  m_GameObject: {fileID: 620414864}
  m_LocalRotation: {x: 0, y: 0, z: 0, w: 1}
  m_LocalPosition: {x: 0, y: 0, z: 0}
  m_LocalScale: {x: 1, y: 1, z: 1}
  m_Children:
  - {fileID: 61593320}
  - {fileID: 1202824019}
  m_Father: {fileID: 769236045}
  m_RootOrder: 0
  m_LocalEulerAnglesHint: {x: 0, y: 0, z: 0}
--- !u!1 &656509832 stripped
GameObject:
  m_CorrespondingSourceObject: {fileID: 1919517072712210, guid: 8a57503768fce7d4bb7d821a0c657d4f,
    type: 2}
  m_PrefabInternal: {fileID: 1289159334}
--- !u!4 &656509833 stripped
Transform:
  m_CorrespondingSourceObject: {fileID: 4467295811749692, guid: 8a57503768fce7d4bb7d821a0c657d4f,
    type: 2}
  m_PrefabInternal: {fileID: 1289159334}
--- !u!114 &656509834
MonoBehaviour:
  m_ObjectHideFlags: 0
  m_CorrespondingSourceObject: {fileID: 0}
  m_PrefabInternal: {fileID: 0}
  m_GameObject: {fileID: 656509832}
  m_Enabled: 1
  m_EditorHideFlags: 0
  m_Script: {fileID: 11500000, guid: 6b70710a0e148b44babc29744560079a, type: 3}
  m_Name: 
  m_EditorClassIdentifier: 
  attackMode: 0
  target: {fileID: 480769088}
  fleeDistance: 1
  avoidanceTime: 2
--- !u!1 &738330157
GameObject:
  m_ObjectHideFlags: 0
  m_CorrespondingSourceObject: {fileID: 0}
  m_PrefabInternal: {fileID: 0}
  serializedVersion: 6
  m_Component:
  - component: {fileID: 738330158}
  m_Layer: 0
  m_Name: GameObject (2)
  m_TagString: Untagged
  m_Icon: {fileID: 0}
  m_NavMeshLayer: 0
  m_StaticEditorFlags: 0
  m_IsActive: 1
--- !u!4 &738330158
Transform:
  m_ObjectHideFlags: 0
  m_CorrespondingSourceObject: {fileID: 0}
  m_PrefabInternal: {fileID: 0}
  m_GameObject: {fileID: 738330157}
  m_LocalRotation: {x: -0, y: -0, z: -0, w: 1}
  m_LocalPosition: {x: -28.89, y: 0, z: -8.22}
  m_LocalScale: {x: 1, y: 1, z: 1}
  m_Children: []
  m_Father: {fileID: 185317936}
  m_RootOrder: 2
  m_LocalEulerAnglesHint: {x: 0, y: 0, z: 0}
--- !u!1 &743830046
GameObject:
  m_ObjectHideFlags: 0
  m_CorrespondingSourceObject: {fileID: 0}
  m_PrefabInternal: {fileID: 0}
  serializedVersion: 6
  m_Component:
  - component: {fileID: 743830047}
  m_Layer: 0
  m_Name: GameObject (1)
  m_TagString: Untagged
  m_Icon: {fileID: 0}
  m_NavMeshLayer: 0
  m_StaticEditorFlags: 0
  m_IsActive: 1
--- !u!4 &743830047
Transform:
  m_ObjectHideFlags: 0
  m_CorrespondingSourceObject: {fileID: 0}
  m_PrefabInternal: {fileID: 0}
  m_GameObject: {fileID: 743830046}
  m_LocalRotation: {x: -0, y: -0, z: -0, w: 1}
  m_LocalPosition: {x: -3.9899998, y: 0, z: -7.96}
  m_LocalScale: {x: 1, y: 1, z: 1}
  m_Children: []
  m_Father: {fileID: 185317936}
  m_RootOrder: 1
  m_LocalEulerAnglesHint: {x: 0, y: 0, z: 0}
--- !u!1 &769236044
GameObject:
  m_ObjectHideFlags: 0
  m_CorrespondingSourceObject: {fileID: 100010, guid: 65e92f227846e794883569c427a9c4c3,
    type: 2}
  m_PrefabInternal: {fileID: 2107460125}
  serializedVersion: 6
  m_Component:
  - component: {fileID: 769236045}
  m_Layer: 0
  m_Name: Visuals
  m_TagString: Untagged
  m_Icon: {fileID: 0}
  m_NavMeshLayer: 0
  m_StaticEditorFlags: 0
  m_IsActive: 1
--- !u!4 &769236045
Transform:
  m_ObjectHideFlags: 0
  m_CorrespondingSourceObject: {fileID: 400010, guid: 65e92f227846e794883569c427a9c4c3,
    type: 2}
  m_PrefabInternal: {fileID: 2107460125}
  m_GameObject: {fileID: 769236044}
  m_LocalRotation: {x: 0, y: 0, z: 0, w: 1}
  m_LocalPosition: {x: 0, y: 0, z: 0}
  m_LocalScale: {x: 1, y: 1, z: 1}
  m_Children:
  - {fileID: 620414865}
  - {fileID: 864503223}
  m_Father: {fileID: 480769088}
  m_RootOrder: 0
  m_LocalEulerAnglesHint: {x: 0, y: 0, z: 0}
--- !u!4 &787633983 stripped
Transform:
  m_CorrespondingSourceObject: {fileID: 421810, guid: 41d4243be8ad3a5409422171976de7ff,
    type: 2}
  m_PrefabInternal: {fileID: 538527692}
--- !u!1 &838527264
GameObject:
  m_ObjectHideFlags: 0
  m_CorrespondingSourceObject: {fileID: 0}
  m_PrefabInternal: {fileID: 0}
  serializedVersion: 6
  m_Component:
  - component: {fileID: 838527267}
  - component: {fileID: 838527266}
  - component: {fileID: 838527265}
  m_Layer: 0
  m_Name: Terrain
  m_TagString: Untagged
  m_Icon: {fileID: 0}
  m_NavMeshLayer: 0
  m_StaticEditorFlags: 4294967295
  m_IsActive: 1
--- !u!154 &838527265
TerrainCollider:
  m_ObjectHideFlags: 0
  m_CorrespondingSourceObject: {fileID: 0}
  m_PrefabInternal: {fileID: 0}
  m_GameObject: {fileID: 838527264}
  m_Material: {fileID: 0}
  m_Enabled: 1
  m_TerrainData: {fileID: 15600000, guid: 57ff4d264a35021428fec63294e6d0b4, type: 2}
  m_EnableTreeColliders: 1
--- !u!218 &838527266
Terrain:
  m_ObjectHideFlags: 0
  m_CorrespondingSourceObject: {fileID: 0}
  m_PrefabInternal: {fileID: 0}
  m_GameObject: {fileID: 838527264}
  m_Enabled: 1
  serializedVersion: 3
  m_TerrainData: {fileID: 15600000, guid: 57ff4d264a35021428fec63294e6d0b4, type: 2}
  m_TreeDistance: 2000
  m_TreeBillboardDistance: 50
  m_TreeCrossFadeLength: 5
  m_TreeMaximumFullLODCount: 50
  m_DetailObjectDistance: 80
  m_DetailObjectDensity: 1
  m_HeightmapPixelError: 5
  m_SplatMapDistance: 1000
  m_HeightmapMaximumLOD: 0
  m_CastShadows: 1
  m_DrawHeightmap: 1
  m_DrawTreesAndFoliage: 1
  m_ReflectionProbeUsage: 1
  m_MaterialType: 0
  m_LegacySpecular:
    serializedVersion: 2
    rgba: 4286545791
  m_LegacyShininess: 0.078125
  m_MaterialTemplate: {fileID: 0}
  m_BakeLightProbesForTrees: 1
  m_PreserveTreePrototypeLayers: 0
  m_ScaleInLightmap: 1
  m_LightmapParameters: {fileID: 15203, guid: 0000000000000000f000000000000000, type: 0}
--- !u!4 &838527267
Transform:
  m_ObjectHideFlags: 0
  m_CorrespondingSourceObject: {fileID: 0}
  m_PrefabInternal: {fileID: 0}
  m_GameObject: {fileID: 838527264}
  m_LocalRotation: {x: -0, y: -0, z: -0, w: 1}
  m_LocalPosition: {x: -0.477341, y: 0, z: -0.50759995}
  m_LocalScale: {x: 0.02, y: 1, z: 0.02}
  m_Children: []
  m_Father: {fileID: 787633983}
  m_RootOrder: 0
  m_LocalEulerAnglesHint: {x: 0, y: 0, z: 0}
--- !u!1 &864503222
GameObject:
  m_ObjectHideFlags: 0
  m_CorrespondingSourceObject: {fileID: 100002, guid: 65e92f227846e794883569c427a9c4c3,
    type: 2}
  m_PrefabInternal: {fileID: 2107460125}
  serializedVersion: 6
  m_Component:
  - component: {fileID: 864503223}
  m_Layer: 0
  m_Name: Cannon
  m_TagString: Untagged
  m_Icon: {fileID: 0}
  m_NavMeshLayer: 0
  m_StaticEditorFlags: 0
  m_IsActive: 1
--- !u!4 &864503223
Transform:
  m_ObjectHideFlags: 0
  m_CorrespondingSourceObject: {fileID: 400002, guid: 65e92f227846e794883569c427a9c4c3,
    type: 2}
  m_PrefabInternal: {fileID: 2107460125}
  m_GameObject: {fileID: 864503222}
  m_LocalRotation: {x: 0, y: 0, z: 0, w: 1}
  m_LocalPosition: {x: 0, y: -0.25, z: 0}
  m_LocalScale: {x: 1, y: 1, z: 1}
  m_Children:
  - {fileID: 1829330934}
  - {fileID: 1237427169}
  m_Father: {fileID: 769236045}
  m_RootOrder: 1
  m_LocalEulerAnglesHint: {x: 0, y: 0, z: 0}
--- !u!1001 &961026092
Prefab:
  m_ObjectHideFlags: 0
  serializedVersion: 2
  m_Modification:
    m_TransformParent: {fileID: 525026245}
    m_Modifications:
    - target: {fileID: 400000, guid: 9cc52a258e82a754abef0f48ee8e199c, type: 3}
      propertyPath: m_LocalPosition.x
      value: -1.24
      objectReference: {fileID: 0}
    - target: {fileID: 400000, guid: 9cc52a258e82a754abef0f48ee8e199c, type: 3}
      propertyPath: m_LocalPosition.y
      value: -0.42
      objectReference: {fileID: 0}
    - target: {fileID: 400000, guid: 9cc52a258e82a754abef0f48ee8e199c, type: 3}
      propertyPath: m_LocalPosition.z
      value: 3.63
      objectReference: {fileID: 0}
    - target: {fileID: 400000, guid: 9cc52a258e82a754abef0f48ee8e199c, type: 3}
      propertyPath: m_LocalRotation.x
      value: -0.00000003774895
      objectReference: {fileID: 0}
    - target: {fileID: 400000, guid: 9cc52a258e82a754abef0f48ee8e199c, type: 3}
      propertyPath: m_LocalRotation.y
      value: -0
      objectReference: {fileID: 0}
    - target: {fileID: 400000, guid: 9cc52a258e82a754abef0f48ee8e199c, type: 3}
      propertyPath: m_LocalRotation.z
      value: -0
      objectReference: {fileID: 0}
    - target: {fileID: 400000, guid: 9cc52a258e82a754abef0f48ee8e199c, type: 3}
      propertyPath: m_LocalRotation.w
      value: 1
      objectReference: {fileID: 0}
    - target: {fileID: 400000, guid: 9cc52a258e82a754abef0f48ee8e199c, type: 3}
      propertyPath: m_RootOrder
      value: 0
      objectReference: {fileID: 0}
    - target: {fileID: 400000, guid: 9cc52a258e82a754abef0f48ee8e199c, type: 3}
      propertyPath: m_LocalScale.x
      value: 582.39
      objectReference: {fileID: 0}
    - target: {fileID: 100000, guid: 9cc52a258e82a754abef0f48ee8e199c, type: 3}
      propertyPath: m_Name
      value: rock01 (1)
      objectReference: {fileID: 0}
    - target: {fileID: 100000, guid: 9cc52a258e82a754abef0f48ee8e199c, type: 3}
      propertyPath: m_TagString
      value: Wall
      objectReference: {fileID: 0}
    - target: {fileID: 100000, guid: 9cc52a258e82a754abef0f48ee8e199c, type: 3}
      propertyPath: m_IsActive
      value: 1
      objectReference: {fileID: 0}
    m_RemovedComponents:
    - {fileID: 9500000, guid: 9cc52a258e82a754abef0f48ee8e199c, type: 3}
  m_SourcePrefab: {fileID: 100100000, guid: 9cc52a258e82a754abef0f48ee8e199c, type: 3}
  m_IsPrefabAsset: 0
--- !u!1 &1074122718 stripped
GameObject:
  m_CorrespondingSourceObject: {fileID: 100000, guid: 9cc52a258e82a754abef0f48ee8e199c,
    type: 3}
  m_PrefabInternal: {fileID: 961026092}
--- !u!4 &1074122719 stripped
Transform:
  m_CorrespondingSourceObject: {fileID: 400000, guid: 9cc52a258e82a754abef0f48ee8e199c,
    type: 3}
  m_PrefabInternal: {fileID: 961026092}
--- !u!65 &1074122722
BoxCollider:
  m_ObjectHideFlags: 0
  m_CorrespondingSourceObject: {fileID: 0}
  m_PrefabInternal: {fileID: 0}
  m_GameObject: {fileID: 1074122718}
  m_Material: {fileID: 0}
  m_IsTrigger: 0
  m_Enabled: 1
  serializedVersion: 2
  m_Size: {x: 0.01895171, y: 0.03868168, z: 0.019274639}
  m_Center: {x: -0.000106174964, y: 0.019276131, z: -0.0002394002}
--- !u!1001 &1142418687
Prefab:
  m_ObjectHideFlags: 0
  serializedVersion: 2
  m_Modification:
    m_TransformParent: {fileID: 525026245}
    m_Modifications:
    - target: {fileID: 400000, guid: 9cc52a258e82a754abef0f48ee8e199c, type: 3}
      propertyPath: m_LocalPosition.x
      value: 8.82
      objectReference: {fileID: 0}
    - target: {fileID: 400000, guid: 9cc52a258e82a754abef0f48ee8e199c, type: 3}
      propertyPath: m_LocalPosition.y
      value: -0.42
      objectReference: {fileID: 0}
    - target: {fileID: 400000, guid: 9cc52a258e82a754abef0f48ee8e199c, type: 3}
      propertyPath: m_LocalPosition.z
      value: -6.31369
      objectReference: {fileID: 0}
    - target: {fileID: 400000, guid: 9cc52a258e82a754abef0f48ee8e199c, type: 3}
      propertyPath: m_LocalRotation.x
      value: -0.00000003774895
      objectReference: {fileID: 0}
    - target: {fileID: 400000, guid: 9cc52a258e82a754abef0f48ee8e199c, type: 3}
      propertyPath: m_LocalRotation.y
      value: -0
      objectReference: {fileID: 0}
    - target: {fileID: 400000, guid: 9cc52a258e82a754abef0f48ee8e199c, type: 3}
      propertyPath: m_LocalRotation.z
      value: -0
      objectReference: {fileID: 0}
    - target: {fileID: 400000, guid: 9cc52a258e82a754abef0f48ee8e199c, type: 3}
      propertyPath: m_LocalRotation.w
      value: 1
      objectReference: {fileID: 0}
    - target: {fileID: 400000, guid: 9cc52a258e82a754abef0f48ee8e199c, type: 3}
      propertyPath: m_RootOrder
      value: 2
      objectReference: {fileID: 0}
    - target: {fileID: 400000, guid: 9cc52a258e82a754abef0f48ee8e199c, type: 3}
      propertyPath: m_LocalScale.x
      value: 582.39
      objectReference: {fileID: 0}
    - target: {fileID: 100000, guid: 9cc52a258e82a754abef0f48ee8e199c, type: 3}
      propertyPath: m_TagString
      value: Wall
      objectReference: {fileID: 0}
    - target: {fileID: 100000, guid: 9cc52a258e82a754abef0f48ee8e199c, type: 3}
      propertyPath: m_Name
      value: rock01 (2)
      objectReference: {fileID: 0}
    - target: {fileID: 100000, guid: 9cc52a258e82a754abef0f48ee8e199c, type: 3}
      propertyPath: m_IsActive
      value: 1
      objectReference: {fileID: 0}
    m_RemovedComponents:
    - {fileID: 9500000, guid: 9cc52a258e82a754abef0f48ee8e199c, type: 3}
  m_SourcePrefab: {fileID: 100100000, guid: 9cc52a258e82a754abef0f48ee8e199c, type: 3}
  m_IsPrefabAsset: 0
--- !u!4 &1142418688 stripped
Transform:
  m_CorrespondingSourceObject: {fileID: 400000, guid: 9cc52a258e82a754abef0f48ee8e199c,
    type: 3}
  m_PrefabInternal: {fileID: 1142418687}
--- !u!1 &1142418689 stripped
GameObject:
  m_CorrespondingSourceObject: {fileID: 100000, guid: 9cc52a258e82a754abef0f48ee8e199c,
    type: 3}
  m_PrefabInternal: {fileID: 1142418687}
--- !u!65 &1142418690
BoxCollider:
  m_ObjectHideFlags: 0
  m_CorrespondingSourceObject: {fileID: 0}
  m_PrefabInternal: {fileID: 0}
  m_GameObject: {fileID: 1142418689}
  m_Material: {fileID: 0}
  m_IsTrigger: 0
  m_Enabled: 1
  serializedVersion: 2
  m_Size: {x: 0.01895171, y: 0.03868168, z: 0.019274639}
  m_Center: {x: -0.000106174964, y: 0.019276131, z: -0.0002394002}
--- !u!1 &1170984778
GameObject:
  m_ObjectHideFlags: 0
  m_CorrespondingSourceObject: {fileID: 0}
  m_PrefabInternal: {fileID: 0}
  serializedVersion: 6
  m_Component:
  - component: {fileID: 1170984779}
  m_Layer: 0
  m_Name: Enemy Tanks
  m_TagString: Untagged
  m_Icon: {fileID: 0}
  m_NavMeshLayer: 0
  m_StaticEditorFlags: 0
  m_IsActive: 1
--- !u!4 &1170984779
Transform:
  m_ObjectHideFlags: 0
  m_CorrespondingSourceObject: {fileID: 0}
  m_PrefabInternal: {fileID: 0}
  m_GameObject: {fileID: 1170984778}
  m_LocalRotation: {x: -0, y: -0, z: -0, w: 1}
  m_LocalPosition: {x: -5.93, y: 1, z: 12.95}
  m_LocalScale: {x: 1, y: 1, z: 1}
  m_Children:
  - {fileID: 656509833}
  m_Father: {fileID: 1460921450}
  m_RootOrder: 1
  m_LocalEulerAnglesHint: {x: 0, y: 0, z: 0}
--- !u!1 &1201090181
GameObject:
  m_ObjectHideFlags: 0
  m_CorrespondingSourceObject: {fileID: 0}
  m_PrefabInternal: {fileID: 0}
  serializedVersion: 6
  m_Component:
  - component: {fileID: 1201090182}
  m_Layer: 0
  m_Name: GameObject (3)
  m_TagString: Untagged
  m_Icon: {fileID: 0}
  m_NavMeshLayer: 0
  m_StaticEditorFlags: 0
  m_IsActive: 1
--- !u!4 &1201090182
Transform:
  m_ObjectHideFlags: 0
  m_CorrespondingSourceObject: {fileID: 0}
  m_PrefabInternal: {fileID: 0}
  m_GameObject: {fileID: 1201090181}
  m_LocalRotation: {x: -0, y: -0, z: -0, w: 1}
  m_LocalPosition: {x: -27.71, y: 0, z: -19.32}
  m_LocalScale: {x: 1, y: 1, z: 1}
  m_Children: []
  m_Father: {fileID: 185317936}
  m_RootOrder: 3
  m_LocalEulerAnglesHint: {x: 0, y: 0, z: 0}
--- !u!1 &1202824018
GameObject:
  m_ObjectHideFlags: 0
  m_CorrespondingSourceObject: {fileID: 100000, guid: 65e92f227846e794883569c427a9c4c3,
    type: 2}
  m_PrefabInternal: {fileID: 2107460125}
  serializedVersion: 6
  m_Component:
  - component: {fileID: 1202824019}
  - component: {fileID: 1202824021}
  - component: {fileID: 1202824020}
  m_Layer: 0
  m_Name: Front
  m_TagString: Untagged
  m_Icon: {fileID: 0}
  m_NavMeshLayer: 0
  m_StaticEditorFlags: 0
  m_IsActive: 1
--- !u!4 &1202824019
Transform:
  m_ObjectHideFlags: 0
  m_CorrespondingSourceObject: {fileID: 400000, guid: 65e92f227846e794883569c427a9c4c3,
    type: 2}
  m_PrefabInternal: {fileID: 2107460125}
  m_GameObject: {fileID: 1202824018}
  m_LocalRotation: {x: 0, y: 0, z: 0, w: 1}
  m_LocalPosition: {x: 0, y: 0, z: 0.5}
  m_LocalScale: {x: 0.5, y: 0.1, z: 0.1}
  m_Children: []
  m_Father: {fileID: 620414865}
  m_RootOrder: 1
  m_LocalEulerAnglesHint: {x: 0, y: 0, z: 0}
--- !u!23 &1202824020
MeshRenderer:
  m_ObjectHideFlags: 0
  m_CorrespondingSourceObject: {fileID: 2300000, guid: 65e92f227846e794883569c427a9c4c3,
    type: 2}
  m_PrefabInternal: {fileID: 2107460125}
  m_GameObject: {fileID: 1202824018}
  m_Enabled: 1
  m_CastShadows: 1
  m_ReceiveShadows: 1
  m_DynamicOccludee: 1
  m_MotionVectors: 1
  m_LightProbeUsage: 0
  m_ReflectionProbeUsage: 1
  m_RenderingLayerMask: 4294967295
  m_Materials:
  - {fileID: 2100000, guid: 8c956b0848f387849aa2a6ee9ee19242, type: 2}
  m_StaticBatchInfo:
    firstSubMesh: 0
    subMeshCount: 0
  m_StaticBatchRoot: {fileID: 0}
  m_ProbeAnchor: {fileID: 0}
  m_LightProbeVolumeOverride: {fileID: 0}
  m_ScaleInLightmap: 1
  m_PreserveUVs: 0
  m_IgnoreNormalsForChartDetection: 0
  m_ImportantGI: 0
  m_StitchLightmapSeams: 0
  m_SelectedEditorRenderState: 3
  m_MinimumChartSize: 4
  m_AutoUVMaxDistance: 0.5
  m_AutoUVMaxAngle: 89
  m_LightmapParameters: {fileID: 0}
  m_SortingLayerID: 0
  m_SortingLayer: 0
  m_SortingOrder: 0
--- !u!33 &1202824021
MeshFilter:
  m_ObjectHideFlags: 0
  m_CorrespondingSourceObject: {fileID: 3300000, guid: 65e92f227846e794883569c427a9c4c3,
    type: 2}
  m_PrefabInternal: {fileID: 2107460125}
  m_GameObject: {fileID: 1202824018}
  m_Mesh: {fileID: 10202, guid: 0000000000000000e000000000000000, type: 0}
--- !u!1 &1237427168
GameObject:
  m_ObjectHideFlags: 0
  m_CorrespondingSourceObject: {fileID: 100006, guid: 65e92f227846e794883569c427a9c4c3,
    type: 2}
  m_PrefabInternal: {fileID: 2107460125}
  serializedVersion: 6
  m_Component:
  - component: {fileID: 1237427169}
  - component: {fileID: 1237427171}
  - component: {fileID: 1237427170}
  m_Layer: 0
  m_Name: Barrel
  m_TagString: Untagged
  m_Icon: {fileID: 0}
  m_NavMeshLayer: 0
  m_StaticEditorFlags: 0
  m_IsActive: 1
--- !u!4 &1237427169
Transform:
  m_ObjectHideFlags: 0
  m_CorrespondingSourceObject: {fileID: 400006, guid: 65e92f227846e794883569c427a9c4c3,
    type: 2}
  m_PrefabInternal: {fileID: 2107460125}
  m_GameObject: {fileID: 1237427168}
  m_LocalRotation: {x: 0, y: 0, z: 0, w: 1}
  m_LocalPosition: {x: 0, y: 0.5, z: 0.45}
  m_LocalScale: {x: 0.15, y: 0.15, z: 0.5}
  m_Children: []
  m_Father: {fileID: 864503223}
  m_RootOrder: 1
  m_LocalEulerAnglesHint: {x: 0, y: 0, z: 0}
--- !u!23 &1237427170
MeshRenderer:
  m_ObjectHideFlags: 0
  m_CorrespondingSourceObject: {fileID: 2300002, guid: 65e92f227846e794883569c427a9c4c3,
    type: 2}
  m_PrefabInternal: {fileID: 2107460125}
  m_GameObject: {fileID: 1237427168}
  m_Enabled: 1
  m_CastShadows: 1
  m_ReceiveShadows: 1
  m_DynamicOccludee: 1
  m_MotionVectors: 1
  m_LightProbeUsage: 0
  m_ReflectionProbeUsage: 1
  m_RenderingLayerMask: 4294967295
  m_Materials:
  - {fileID: 2100000, guid: ce480fe58b98ea145a12bf4b69eedc53, type: 2}
  m_StaticBatchInfo:
    firstSubMesh: 0
    subMeshCount: 0
  m_StaticBatchRoot: {fileID: 0}
  m_ProbeAnchor: {fileID: 0}
  m_LightProbeVolumeOverride: {fileID: 0}
  m_ScaleInLightmap: 1
  m_PreserveUVs: 0
  m_IgnoreNormalsForChartDetection: 0
  m_ImportantGI: 0
  m_StitchLightmapSeams: 0
  m_SelectedEditorRenderState: 3
  m_MinimumChartSize: 4
  m_AutoUVMaxDistance: 0.5
  m_AutoUVMaxAngle: 89
  m_LightmapParameters: {fileID: 0}
  m_SortingLayerID: 0
  m_SortingLayer: 0
  m_SortingOrder: 0
--- !u!33 &1237427171
MeshFilter:
  m_ObjectHideFlags: 0
  m_CorrespondingSourceObject: {fileID: 3300002, guid: 65e92f227846e794883569c427a9c4c3,
    type: 2}
  m_PrefabInternal: {fileID: 2107460125}
  m_GameObject: {fileID: 1237427168}
  m_Mesh: {fileID: 10202, guid: 0000000000000000e000000000000000, type: 0}
--- !u!1001 &1289159334
Prefab:
  m_ObjectHideFlags: 0
  serializedVersion: 2
  m_Modification:
    m_TransformParent: {fileID: 1170984779}
    m_Modifications:
    - target: {fileID: 4467295811749692, guid: 8a57503768fce7d4bb7d821a0c657d4f, type: 2}
      propertyPath: m_LocalPosition.x
      value: 3.9183893
      objectReference: {fileID: 0}
    - target: {fileID: 4467295811749692, guid: 8a57503768fce7d4bb7d821a0c657d4f, type: 2}
      propertyPath: m_LocalPosition.y
      value: -0.5
      objectReference: {fileID: 0}
    - target: {fileID: 4467295811749692, guid: 8a57503768fce7d4bb7d821a0c657d4f, type: 2}
      propertyPath: m_LocalPosition.z
      value: -8.1
      objectReference: {fileID: 0}
    - target: {fileID: 4467295811749692, guid: 8a57503768fce7d4bb7d821a0c657d4f, type: 2}
      propertyPath: m_LocalRotation.x
      value: -0
      objectReference: {fileID: 0}
    - target: {fileID: 4467295811749692, guid: 8a57503768fce7d4bb7d821a0c657d4f, type: 2}
      propertyPath: m_LocalRotation.y
      value: -0
      objectReference: {fileID: 0}
    - target: {fileID: 4467295811749692, guid: 8a57503768fce7d4bb7d821a0c657d4f, type: 2}
      propertyPath: m_LocalRotation.z
      value: -0
      objectReference: {fileID: 0}
    - target: {fileID: 4467295811749692, guid: 8a57503768fce7d4bb7d821a0c657d4f, type: 2}
      propertyPath: m_LocalRotation.w
      value: 1
      objectReference: {fileID: 0}
    - target: {fileID: 4467295811749692, guid: 8a57503768fce7d4bb7d821a0c657d4f, type: 2}
      propertyPath: m_RootOrder
      value: 0
      objectReference: {fileID: 0}
    m_RemovedComponents: []
  m_SourcePrefab: {fileID: 100100000, guid: 8a57503768fce7d4bb7d821a0c657d4f, type: 2}
  m_IsPrefabAsset: 0
--- !u!1 &1460921449
GameObject:
  m_ObjectHideFlags: 0
  m_CorrespondingSourceObject: {fileID: 0}
  m_PrefabInternal: {fileID: 0}
  serializedVersion: 6
  m_Component:
  - component: {fileID: 1460921450}
  - component: {fileID: 1460921451}
  m_Layer: 0
  m_Name: Game
  m_TagString: Untagged
  m_Icon: {fileID: 0}
  m_NavMeshLayer: 0
  m_StaticEditorFlags: 0
  m_IsActive: 1
--- !u!4 &1460921450
Transform:
  m_ObjectHideFlags: 0
  m_CorrespondingSourceObject: {fileID: 0}
  m_PrefabInternal: {fileID: 0}
  m_GameObject: {fileID: 1460921449}
  m_LocalRotation: {x: 0, y: 0, z: 0, w: 1}
  m_LocalPosition: {x: 0, y: 0, z: 0}
  m_LocalScale: {x: 1, y: 1, z: 1}
  m_Children:
  - {fileID: 480769088}
  - {fileID: 1170984779}
  - {fileID: 1698631915}
  - {fileID: 185317936}
  m_Father: {fileID: 0}
  m_RootOrder: 1
  m_LocalEulerAnglesHint: {x: 0, y: 0, z: 0}
--- !u!114 &1460921451
MonoBehaviour:
  m_ObjectHideFlags: 0
  m_CorrespondingSourceObject: {fileID: 0}
  m_PrefabInternal: {fileID: 0}
  m_GameObject: {fileID: 1460921449}
  m_Enabled: 1
  m_EditorHideFlags: 0
  m_Script: {fileID: 11500000, guid: 63d2916780b48c940862089db0f55c25, type: 3}
  m_Name: 
  m_EditorClassIdentifier: 
  player1Lives: 0
  player2Lives: 0
  player1Health: 0
  player2Health: 0
  playerKeyArrowScore: 0
  playerWASDScore: 0
  bullet: {fileID: 1257066110858942, guid: afe96ec4028bc0f438f940ee48c3611a, type: 2}
  reloadDelay: 5
  bulletSpeed: 15
  bulletDecay: 3
  tf: {fileID: 1617765039}
--- !u!1 &1501880548
GameObject:
  m_ObjectHideFlags: 0
  m_CorrespondingSourceObject: {fileID: 0}
  m_PrefabInternal: {fileID: 0}
  serializedVersion: 6
  m_Component:
  - component: {fileID: 1501880549}
  m_Layer: 0
  m_Name: GameObject
  m_TagString: Untagged
  m_Icon: {fileID: 0}
  m_NavMeshLayer: 0
  m_StaticEditorFlags: 0
  m_IsActive: 1
--- !u!4 &1501880549
Transform:
  m_ObjectHideFlags: 0
  m_CorrespondingSourceObject: {fileID: 0}
  m_PrefabInternal: {fileID: 0}
  m_GameObject: {fileID: 1501880548}
  m_LocalRotation: {x: -0, y: -0, z: -0, w: 1}
  m_LocalPosition: {x: -3.99, y: 0, z: 1.1}
  m_LocalScale: {x: 1, y: 1, z: 1}
  m_Children: []
  m_Father: {fileID: 185317936}
  m_RootOrder: 0
  m_LocalEulerAnglesHint: {x: 0, y: 0, z: 0}
--- !u!1 &1617765038
GameObject:
  m_ObjectHideFlags: 0
  m_CorrespondingSourceObject: {fileID: 0}
  m_PrefabInternal: {fileID: 0}
  serializedVersion: 6
  m_Component:
  - component: {fileID: 1617765039}
  m_Layer: 0
  m_Name: FireTransform
  m_TagString: Untagged
  m_Icon: {fileID: 0}
  m_NavMeshLayer: 0
  m_StaticEditorFlags: 0
  m_IsActive: 1
--- !u!4 &1617765039
Transform:
  m_ObjectHideFlags: 0
  m_CorrespondingSourceObject: {fileID: 0}
  m_PrefabInternal: {fileID: 0}
  m_GameObject: {fileID: 1617765038}
  m_LocalRotation: {x: 0, y: 0, z: 0, w: 1}
  m_LocalPosition: {x: 0.002, y: 0.072, z: 0.05}
  m_LocalScale: {x: 1, y: 1, z: 1}
  m_Children: []
  m_Father: {fileID: 480769088}
  m_RootOrder: 2
  m_LocalEulerAnglesHint: {x: 0, y: 0, z: 0}
--- !u!1 &1656460941 stripped
GameObject:
  m_CorrespondingSourceObject: {fileID: 100000, guid: 9cc52a258e82a754abef0f48ee8e199c,
    type: 3}
  m_PrefabInternal: {fileID: 1855708969}
--- !u!4 &1656460942 stripped
Transform:
  m_CorrespondingSourceObject: {fileID: 400000, guid: 9cc52a258e82a754abef0f48ee8e199c,
    type: 3}
  m_PrefabInternal: {fileID: 1855708969}
--- !u!65 &1656460945
BoxCollider:
  m_ObjectHideFlags: 0
  m_CorrespondingSourceObject: {fileID: 0}
  m_PrefabInternal: {fileID: 0}
  m_GameObject: {fileID: 1656460941}
  m_Material: {fileID: 0}
  m_IsTrigger: 0
  m_Enabled: 1
  serializedVersion: 2
  m_Size: {x: 0.01895171, y: 0.03868168, z: 0.019274639}
  m_Center: {x: -0.000106174964, y: 0.019276131, z: -0.0002394002}
--- !u!4 &1698631915 stripped
Transform:
  m_CorrespondingSourceObject: {fileID: 421816, guid: 41d4243be8ad3a5409422171976de7ff,
    type: 2}
  m_PrefabInternal: {fileID: 538527692}
--- !u!1 &1829330933
GameObject:
  m_ObjectHideFlags: 0
  m_CorrespondingSourceObject: {fileID: 100008, guid: 65e92f227846e794883569c427a9c4c3,
    type: 2}
  m_PrefabInternal: {fileID: 2107460125}
  serializedVersion: 6
  m_Component:
  - component: {fileID: 1829330934}
  - component: {fileID: 1829330936}
  - component: {fileID: 1829330935}
  m_Layer: 0
  m_Name: Base
  m_TagString: Untagged
  m_Icon: {fileID: 0}
  m_NavMeshLayer: 0
  m_StaticEditorFlags: 0
  m_IsActive: 1
--- !u!4 &1829330934
Transform:
  m_ObjectHideFlags: 0
  m_CorrespondingSourceObject: {fileID: 400008, guid: 65e92f227846e794883569c427a9c4c3,
    type: 2}
  m_PrefabInternal: {fileID: 2107460125}
  m_GameObject: {fileID: 1829330933}
  m_LocalRotation: {x: 0, y: 0, z: 0, w: 1}
  m_LocalPosition: {x: 0, y: 0.5, z: 0}
  m_LocalScale: {x: 0.5, y: 0.5, z: 0.5}
  m_Children: []
  m_Father: {fileID: 864503223}
  m_RootOrder: 0
  m_LocalEulerAnglesHint: {x: 0, y: 0, z: 0}
--- !u!23 &1829330935
MeshRenderer:
  m_ObjectHideFlags: 0
  m_CorrespondingSourceObject: {fileID: 2300004, guid: 65e92f227846e794883569c427a9c4c3,
    type: 2}
  m_PrefabInternal: {fileID: 2107460125}
  m_GameObject: {fileID: 1829330933}
  m_Enabled: 1
  m_CastShadows: 1
  m_ReceiveShadows: 1
  m_DynamicOccludee: 1
  m_MotionVectors: 1
  m_LightProbeUsage: 0
  m_ReflectionProbeUsage: 1
  m_RenderingLayerMask: 4294967295
  m_Materials:
  - {fileID: 2100000, guid: ce480fe58b98ea145a12bf4b69eedc53, type: 2}
  m_StaticBatchInfo:
    firstSubMesh: 0
    subMeshCount: 0
  m_StaticBatchRoot: {fileID: 0}
  m_ProbeAnchor: {fileID: 0}
  m_LightProbeVolumeOverride: {fileID: 0}
  m_ScaleInLightmap: 1
  m_PreserveUVs: 0
  m_IgnoreNormalsForChartDetection: 0
  m_ImportantGI: 0
  m_StitchLightmapSeams: 0
  m_SelectedEditorRenderState: 3
  m_MinimumChartSize: 4
  m_AutoUVMaxDistance: 0.5
  m_AutoUVMaxAngle: 89
  m_LightmapParameters: {fileID: 0}
  m_SortingLayerID: 0
  m_SortingLayer: 0
  m_SortingOrder: 0
--- !u!33 &1829330936
MeshFilter:
  m_ObjectHideFlags: 0
  m_CorrespondingSourceObject: {fileID: 3300004, guid: 65e92f227846e794883569c427a9c4c3,
    type: 2}
  m_PrefabInternal: {fileID: 2107460125}
  m_GameObject: {fileID: 1829330933}
  m_Mesh: {fileID: 10207, guid: 0000000000000000e000000000000000, type: 0}
--- !u!1001 &1855708969
Prefab:
  m_ObjectHideFlags: 0
  serializedVersion: 2
  m_Modification:
    m_TransformParent: {fileID: 525026245}
    m_Modifications:
    - target: {fileID: 400000, guid: 9cc52a258e82a754abef0f48ee8e199c, type: 3}
      propertyPath: m_LocalPosition.x
      value: -7.648266
      objectReference: {fileID: 0}
    - target: {fileID: 400000, guid: 9cc52a258e82a754abef0f48ee8e199c, type: 3}
      propertyPath: m_LocalPosition.y
      value: -0.42
      objectReference: {fileID: 0}
    - target: {fileID: 400000, guid: 9cc52a258e82a754abef0f48ee8e199c, type: 3}
      propertyPath: m_LocalPosition.z
      value: -6.31369
      objectReference: {fileID: 0}
    - target: {fileID: 400000, guid: 9cc52a258e82a754abef0f48ee8e199c, type: 3}
      propertyPath: m_LocalRotation.x
      value: -0.00000003774895
      objectReference: {fileID: 0}
    - target: {fileID: 400000, guid: 9cc52a258e82a754abef0f48ee8e199c, type: 3}
      propertyPath: m_LocalRotation.y
      value: -0
      objectReference: {fileID: 0}
    - target: {fileID: 400000, guid: 9cc52a258e82a754abef0f48ee8e199c, type: 3}
      propertyPath: m_LocalRotation.z
      value: -0
      objectReference: {fileID: 0}
    - target: {fileID: 400000, guid: 9cc52a258e82a754abef0f48ee8e199c, type: 3}
      propertyPath: m_LocalRotation.w
      value: 1
      objectReference: {fileID: 0}
    - target: {fileID: 400000, guid: 9cc52a258e82a754abef0f48ee8e199c, type: 3}
      propertyPath: m_RootOrder
      value: 1
      objectReference: {fileID: 0}
    - target: {fileID: 400000, guid: 9cc52a258e82a754abef0f48ee8e199c, type: 3}
      propertyPath: m_LocalScale.x
      value: 582.39
      objectReference: {fileID: 0}
    - target: {fileID: 100000, guid: 9cc52a258e82a754abef0f48ee8e199c, type: 3}
      propertyPath: m_TagString
      value: Wall
      objectReference: {fileID: 0}
    - target: {fileID: 100000, guid: 9cc52a258e82a754abef0f48ee8e199c, type: 3}
      propertyPath: m_IsActive
      value: 1
      objectReference: {fileID: 0}
    m_RemovedComponents:
    - {fileID: 9500000, guid: 9cc52a258e82a754abef0f48ee8e199c, type: 3}
  m_SourcePrefab: {fileID: 100100000, guid: 9cc52a258e82a754abef0f48ee8e199c, type: 3}
  m_IsPrefabAsset: 0
--- !u!1001 &2107460125
Prefab:
  m_ObjectHideFlags: 0
  serializedVersion: 2
  m_Modification:
    m_TransformParent: {fileID: 1460921450}
    m_Modifications:
    - target: {fileID: 400012, guid: 65e92f227846e794883569c427a9c4c3, type: 2}
      propertyPath: m_LocalPosition.x
      value: 0.08
      objectReference: {fileID: 0}
    - target: {fileID: 400012, guid: 65e92f227846e794883569c427a9c4c3, type: 2}
      propertyPath: m_LocalPosition.y
      value: 0.506
      objectReference: {fileID: 0}
    - target: {fileID: 400012, guid: 65e92f227846e794883569c427a9c4c3, type: 2}
      propertyPath: m_LocalPosition.z
      value: -26.631
      objectReference: {fileID: 0}
    - target: {fileID: 400012, guid: 65e92f227846e794883569c427a9c4c3, type: 2}
      propertyPath: m_LocalRotation.x
      value: -0
      objectReference: {fileID: 0}
    - target: {fileID: 400012, guid: 65e92f227846e794883569c427a9c4c3, type: 2}
      propertyPath: m_LocalRotation.y
      value: -0
      objectReference: {fileID: 0}
    - target: {fileID: 400012, guid: 65e92f227846e794883569c427a9c4c3, type: 2}
      propertyPath: m_LocalRotation.z
      value: -0
      objectReference: {fileID: 0}
    - target: {fileID: 400012, guid: 65e92f227846e794883569c427a9c4c3, type: 2}
      propertyPath: m_LocalRotation.w
      value: 1
      objectReference: {fileID: 0}
    - target: {fileID: 400012, guid: 65e92f227846e794883569c427a9c4c3, type: 2}
      propertyPath: m_RootOrder
      value: 0
      objectReference: {fileID: 0}
    - target: {fileID: 100012, guid: 65e92f227846e794883569c427a9c4c3, type: 2}
      propertyPath: m_TagString
      value: Player
      objectReference: {fileID: 0}
    m_RemovedComponents: []
  m_SourcePrefab: {fileID: 100100000, guid: 65e92f227846e794883569c427a9c4c3, type: 2}
  m_IsPrefabAsset: 0
